@article{dingle2009pipe2,
  title={PIPE2: a tool for the performance evaluation of generalised stochastic Petri Nets},
  author={Dingle, Nicholas J and Knottenbelt, William J and Suto, Tamas},
  journal={ACM SIGMETRICS Performance Evaluation Review},
  volume={36},
  number={4},
  pages={34--39},
  year={2009},
  publisher={ACM}
}

@inproceedings{bonet2007pipe,
	title={PIPE v2. 5: A Petri net tool for performance modelling},
	author={Bonet, Pere and Llad{\'o}, Catalina M and Puijaner, Ramon and Knottenbelt, William J},
	booktitle={Proc. 23rd Latin American Conference on Informatics (CLEI 2007)},
	year={2007}
}
